@manual{rltutorial,
    author = "Carlos Henrique Costa Ribeiro",
    title  = "{A Tutorial on Reinforcement Learning
        Techniques}",
    organization = "Technological Institute of Aeronautics
        S{\~a}o Jos{\'e} dos Campos, Brazil"
}

@misc{rlblog,
    author = "Andrej Karpathy",
    title  = "Deep Reinforcement Learning: Pong from Pixels",
    howpublished = "\url{http://karpathy.github.io/2016/05/31/rl/}",
    month = "May",
    year = "2016"
}

@misc{pybrain,
    title = "{PyBrain - The Python Machine Learning Library}",
    howpublished = "\url{http://pybrain.org/docs/index.html}"
}

@misc{flappybirdrl,
    title = "{Flappy Bird RL}",
    author = "Sarvagya Vaish",
    howpublished = "\url{http://sarvagyavaish.github.io/FlappyBirdRL/}"
}

@misc{reinforcejs,
    title = "{REINFORCEjs}",
    author = "Andrej Karpathy",
    howpublished = "\url{http://cs.stanford.edu/people/karpathy/reinforcejs/}"
}

@misc{rlblogex,
    title = "{Simon's Techincal Blog - PyBrain: Reinforcement Learning, a Tutorial}",
    howpublished = "\url{http://simontechblog.blogspot.com/2010/08/pybrain-reinforcement-learning-tutorial.html}"
}

